<record><leader>00000cas a22000007a 4500</leader><controlfield tag="001">11193700</controlfield><controlfield tag="008">840925d18331840ohuwr ne      0    0eng d</controlfield><datafield ind1=" " ind2=" " tag="010"><subfield code="a">sn 84028586 </subfield></datafield><datafield ind1=" " ind2=" " tag="040"><subfield code="a">NPY</subfield><subfield code="b">eng</subfield><subfield code="c">NPY</subfield><subfield code="d">DLC</subfield><subfield code="d">ONP</subfield><subfield code="d">MHN</subfield><subfield code="d">OCL</subfield><subfield code="d">OCLCQ</subfield><subfield code="d">OCLCG</subfield><subfield code="d">OCLCA</subfield><subfield code="d">DLC</subfield><subfield code="d">OCLCQ</subfield><subfield code="d">OCLCF</subfield></datafield><datafield ind1=" " ind2=" " tag="042"><subfield code="a">msc</subfield></datafield><datafield ind1=" " ind2=" " tag="043"><subfield code="a">n-us-oh</subfield></datafield><datafield ind1="0" ind2="0" tag="050"><subfield code="a">Newspaper</subfield></datafield><datafield ind1="0" ind2="0" tag="245"><subfield code="a">Wooster journal and Democratic times.</subfield></datafield><datafield ind1="1" ind2="3" tag="246"><subfield code="a">Journal and times</subfield></datafield><datafield ind1=" " ind2=" " tag="260"><subfield code="a">Wooster, Ohio :</subfield><subfield code="b">Jacob W. Schuckers</subfield></datafield><datafield ind1=" " ind2=" " tag="300"><subfield code="a">v. ;</subfield><subfield code="c">52-55 cm.</subfield></datafield><datafield ind1=" " ind2=" " tag="310"><subfield code="a">Weekly</subfield></datafield><datafield ind1="1" ind2=" " tag="362"><subfield code="a">Began in Dec. 1833? Ceased with Sept. 2, 1840 issue.</subfield></datafield><datafield ind1=" " ind2=" " tag="500"><subfield code="a">Publishers: Jacob W. Schuckers, &lt;Nov. 5, 1834&gt;-Apr. 28, 1836; D.N. Sprague, May 12, 1836-&lt;Sept. 9, 1840&gt;.</subfield></datafield><datafield ind1=" " ind2=" " tag="500"><subfield code="a">"National Republican, 1833-1834; Whig, 1834-1840. Cf. Gutgesell, S. Guide to Ohio newspapers, 1974.</subfield></datafield><datafield ind1=" " ind2=" " tag="500"><subfield code="a">Editors: Jacob W. Schuckers, &lt;1834&gt;-Nov. 23, 1836; Daniel N. Sprague, Nov. 30, 1836-&lt;Sept. 9, 1840&gt;.</subfield></datafield><datafield ind1=" " ind2=" " tag="588"><subfield code="a">Description based on: Vol. 1, no. 38 (Jan. 29, 1834).</subfield></datafield><datafield ind1=" " ind2="0" tag="651"><subfield code="a">Wooster (Ohio)</subfield><subfield code="v">Newspapers.</subfield></datafield><datafield ind1=" " ind2="0" tag="651"><subfield code="a">Wayne County (Ohio)</subfield><subfield code="v">Newspapers.</subfield></datafield><datafield ind1=" " ind2="7" tag="655"><subfield code="a">Newspapers.</subfield><subfield code="2">fast</subfield><subfield code="0">(OCoLC)fst01423814</subfield></datafield><datafield ind1=" " ind2="7" tag="651"><subfield code="a">Ohio</subfield><subfield code="z">Wayne County.</subfield><subfield code="2">fast</subfield><subfield code="0">(OCoLC)fst01219878</subfield></datafield><datafield ind1=" " ind2="7" tag="651"><subfield code="a">Ohio</subfield><subfield code="z">Wooster.</subfield><subfield code="2">fast</subfield><subfield code="0">(OCoLC)fst01205663</subfield></datafield><datafield ind1="1" ind2=" " tag="700"><subfield code="a">Schuckers, J. W.</subfield><subfield code="q">(Jacob William),</subfield><subfield code="d">1831-1901.</subfield></datafield><datafield ind1="1" ind2=" " tag="700"><subfield code="a">Sprague, Daniel N.</subfield></datafield><datafield ind1=" " ind2=" " tag="752"><subfield code="a">United States</subfield><subfield code="b">Ohio</subfield><subfield code="c">Wayne</subfield><subfield code="d">Wooster.</subfield></datafield><datafield ind1="0" ind2="0" tag="780"><subfield code="t">Democratic times (Wooster, Ohio)</subfield><subfield code="w">(DLC)   85042869</subfield><subfield code="w">(OCoLC)12899266</subfield></datafield><datafield ind1="0" ind2="0" tag="785"><subfield code="t">Wooster Democrat</subfield><subfield code="w">(DLC)sn 84028587</subfield><subfield code="w">(OCoLC)11193721</subfield></datafield></record>